@article{gillies2019rasterio,
	title={rasterio Documentation},
	author={Gillies, Sean},
	journal={MapBox, July},
	volume={23},
	year={2019}
}

@article{candra2016cloud,
	title={Cloud and cloud shadow masking using multi-temporal cloud masking algorithm in tropical environmental.},
	author={Candra, DS and Phinn, S and Scarth, P},
	journal={International Archives of the Photogrammetry, Remote Sensing \& Spatial Information Sciences},
	volume={41},
	year={2016}
}

@article{vermote1999atmospheric,
	title={Atmospheric correction algorithm: spectral reflectances (MOD09)},
	author={Vermote, EF and Vermeulen, A},
	journal={ATBD version},
	volume={4},
	pages={1--107},
	year={1999}
}

@article{lin2012cloud,
	title={Cloud removal from multitemporal satellite images using information cloning},
	author={Lin, Chao-Hung and Tsai, Po-Hung and Lai, Kang-Hua and Chen, Jyun-Yuan},
	journal={IEEE transactions on geoscience and remote sensing},
	volume={51},
	number={1},
	pages={232--241},
	year={2012},
	publisher={IEEE}
}

@article{maalouf2009bandelet,
	title={A bandelet-based inpainting technique for clouds removal from remotely sensed images},
	author={Maalouf, Aldo and Carr{\'e}, Philippe and Augereau, Bertrand and Fernandez-Maloigne, Christine},
	journal={IEEE transactions on geoscience and remote sensing},
	volume={47},
	number={7},
	pages={2363--2371},
	year={2009},
	publisher={IEEE}
}

@article{lorenzi2011inpainting,
	title={Inpainting strategies for reconstruction of missing data in VHR images},
	author={Lorenzi, Luca and Melgani, Farid and Mercier, Gr{\'e}goire},
	journal={IEEE Geoscience and remote sensing letters},
	volume={8},
	number={5},
	pages={914--918},
	year={2011},
	publisher={IEEE}
}